@preamble{ "\newcommand{\noopsort}[1]{} "
	# "\newcommand{\printfirst}[2]{#1} "
	# "\newcommand{\singleletter}[1]{#1} "
	# "\newcommand{\switchargs}[2]{#2#1} " }

@article{Dean2004,
author = {Dean, Jeffrey and Ghemawat, Sanjay},
journal = {Proceedings of 6th Symposium on Operating Systems Design and Implementation},
pages = {137--149},
title = {{MapReduce: Simplied Data Processing on Large Clusters}},
year = {2004}
}

@misc{hadoop2009hadoop,
  title={Hadoop},
  author={Hadoop, Apache},
  journal={2009-03-06]. http://hadoop. apache. org},
  year={2009}
}

@article{KumarVavilapalli2013,
author = {{Kumar Vavilapalli}, Vinod and Murthy, Arun C and Douglas, Chris and Agarwal, Sharad and Konar, Mahadev and Evans, Robert and Graves, Thomas and Lowe, Jason and Shah, Hitesh and Seth, Siddharth and Saha, Bikas and Curino, Carlo and {O 'malley}, Owen and Radia, Sanjay and Reed, Benjamin and Baldeschwieler, Eric},
journal = {SOCC '13 Proceedings of the 4th annual Symposium on Cloud Computing },
pages = {1--3},
title = {{Apache Hadoop YARN: Yet Another Resource Negotiator}},
volume = {13},
year = {2013}
}

@article{Zaharia2010,
author = {Zaharia, Matei and Chowdhury, Mosharaf and Franklin, Michael J and Shenker, Scott and Stoica, Ion},
journal = {HotCloud'10 Proceedings of the 2nd USENIX conference on Hot topics in cloud computing},
pages = {10},
title = {{Spark : Cluster Computing with Working Sets}},
year = {2010}
}

@article{Alexandrov2014,
author = {Alexandrov, Alexander and Bergmann, Rico and Ewen, Stephan and Freytag, Johann Christoph and Hueske, Fabian and Heise, Arvid and Kao, Odej and Leich, Marcus and Leser, Ulf and Markl, Volker and Naumann, Felix and Peters, Mathias and Rheinl{\"{a}}nder, Astrid and Sax, Matthias J. and Schelter, Sebastian and H{\"{o}}ger, Mareike and Tzoumas, Kostas and Warneke, Daniel},
journal = {VLDB Journal},
number = {6},
pages = {939--964},
title = {{The Stratosphere platform for big data analytics}},
volume = {23},
year = {2014}
}

@article{Low2012,
author = {Low, Yucheng and Gonzalez, Joseph and Kyrola, Aapo and Bickson, Danny and Guestrin, Carlos},
journal = {The 38th International Conference on Very Large Data Bases},
number = {8},
pages = {716--727},
title = {{GraphLab: A Distributed Framework for Machine Learning in the Cloud}},
volume = {5},
year = {2012}
}

@article{Xing2015,
author = {Xing, Eric P and Ho, Qirong and Dai, Wei and Kim, Jin Kyu and Wei, Jinliang and Lee, Seunghak and Zheng, Xun},
title = {{Petuum : A New Platform for Distributed Machine Learning on Big Data}},
year = {2015}
}

@article{Li2014,
author = {Li, Mu and Andersen, David G and Park, Jun Woo and Ahmed, Amr and Josifovski, Vanja and Long, James and Shekita, Eugene J and Su, Bor-yiing and Li, Mu and Andersen, David G and Park, Jun Woo and Smola, Alexander J and Ahmed, Amr},
journal = {11th USENIX Symposium on Operating Systems Design and Implementation (OSDI 14)},
title = {{Scaling Distributed Machine Learning with the Parameter Server}},
year = {2014}
}

@article{Li2015,
author = {Li, Hao and Kadav, Asim and Kruus, Erik and Ungureanu, Cristian},
title = {{MALT : Distributed Data-Parallelism for Existing ML Applications}},
year = {2015}
}

@inproceedings{herb2016weak,
  title={Weak consistency and stochastic environments: harmonization of replicated machine learning models},
  author={Herb, Tobias and Jungnickel, Tim and Alt, Christoph},
  booktitle={Proceedings of the 2nd Workshop on the Principles and Practice of Consistency for Distributed Data},
  pages={8},
  year={2016},
  organization={ACM}
}
